<?xml version="1.0" encoding="UTF-8"?><record xmlns="http://www.loc.gov/MARC21/slim" xmlns:cinclude="http://apache.org/cocoon/include/1.0" xmlns:zs="http://www.loc.gov/zing/srw/">
  <leader>00488cz  a2200121n  4500</leader>
  <controlfield tag="001">n 2010065419</controlfield>
  <controlfield tag="003">DLC</controlfield>
  <controlfield tag="005">20101002075015.0</controlfield>
  <controlfield tag="008">101001n| acannaabn          |n ana      </controlfield>
  <datafield tag="010" ind1=" " ind2=" ">
    <subfield code="a">n 2010065419</subfield>
  </datafield>
  <datafield tag="040" ind1=" " ind2=" ">
    <subfield code="a">DLC</subfield>
    <subfield code="b">eng</subfield>
    <subfield code="c">DLC</subfield>
  </datafield>
  <datafield tag="110" ind1="2" ind2=" ">
    <subfield code="a">Hoover Country Club (Hoover, Ala.)</subfield>
  </datafield>
  <datafield tag="670" ind1=" " ind2=" ">
    <subfield code="a">Thompson, Ian. From Green Valley to Hoover Country Club, c2010:</subfield>
    <subfield code="b">ECIP t.p. (Hoover Country Club) data view screen, etc. (Hoover Country Club, Hoover, Birmingham, Alabama; started at the Green Valley Country Club)</subfield>
  </datafield>
</record>